@article{marchionini2006exploratory,
  title={Exploratory search: from finding to understanding},
  author={Marchionini, Gary},
  journal={Communications of the ACM},
  volume={49},
  number={4},
  pages={41--46},
  year={2006},
  publisher={ACM}
}

@inproceedings{van2011digital,
  title={Digital hermeneutics: Agora and the online understanding of cultural heritage},
  author={Van Den Akker, Chiel and Leg{\^e}ne, Susan and Van Erp, Marieke and Aroyo, Lora and Segers, Roxane and van Der Meij, Lourens and Van Ossenbruggen, Jacco and Schreiber, Guus and Wielinga, Bob and Oomen, Johan and others},
  booktitle={Proceedings of the 3rd International Web Science Conference},
  pages={10},
  year={2011},
  organization={ACM}
}

@inproceedings{inel2017harnessing,
  title={Harnessing Diversity in Crowds and Machines for Better NER Performance},
  author={Inel, Oana and Aroyo, Lora},
  booktitle={European Semantic Web Conference},
  pages={289--304},
  year={2017},
  organization={Springer}
}

@article{aroyo2015truth,
  title={Truth is a lie: Crowd truth and the seven myths of human annotation},
  author={Aroyo, Lora and Welty, Chris},
  journal={AI Magazine},
  volume={36},
  number={1},
  pages={15--24},
  year={2015}
}

@article{aroyo2014three,
  title={The three sides of CrowdTruth},
  author={Aroyo, Lora and Welty, Chris},
  journal={Journal of Human Computation},
  volume={1},
  pages={31--34},
  year={2014}
}

@article{de2015dive,
  title={DIVE into the event-based browsing of linked historical media},
  author={De Boer, Victor and Oomen, Johan and Inel, Oana and Aroyo, Lora and Van Staveren, Elco and Helmich, Werner and De Beurs, Dennis},
  journal={Web Semantics: Science, Services and Agents on the World Wide Web},
  volume={35},
  pages={152--158},
  year={2015},
  publisher={Elsevier}
}

@article{ineldive+,
  title={DIVE+: Explorative Search for Digital Humanities in CLARIAH Media Suite},
  author={Inel, Oana and Aroyo, Lora and Blom, Jaap and de Boer, Victor and Helmich, Werner and Melgar, Liliana and Ortiz, Carlos Martinez and Oomen, Johan}
}

@inproceedings{gangemi2013comparison,
  title={A comparison of knowledge extraction tools for the semantic web},
  author={Gangemi, Aldo},
  booktitle={Extended Semantic Web Conference},
  pages={351--366},
  year={2013},
  organization={Springer}
}

@inproceedings{taghva2001automatic,
  title={Automatic removal of “garbage strings” in OCR text: An implementation},
  author={Taghva, Kazem and Nartker, Tom and Condit, Allen and Borsack, Julie},
  booktitle={The 5th World Multi-Conference on Systemics, Cybernetics and Informatics},
  year={2001},
  organization={Citeseer}
}



@inproceedings{naughton2006event,
  title={Event extraction from heterogeneous news sources},
  author={Naughton, Martina and Kushmerick, Nicholas and Carthy, Joseph},
  booktitle={proceedings of the AAAI workshop event extraction and synthesis},
  pages={1--6},
  year={2006}
}

@inproceedings{hogenboom2011overview,
  title={An overview of event extraction from text},
  author={Hogenboom, Frederik and Frasincar, Flavius and Kaymak, Uzay and De Jong, Franciska},
  booktitle={Workshop on Detection, Representation, and Exploitation of Events in the Semantic Web (DeRiVE 2011) at Tenth International Semantic Web Conference (ISWC 2011)},
  volume={779},
  pages={48--57},
  year={2011}
}

@article{su1996overviewCBSO,
  title={An overview of corpus-based statistics-oriented (CBSO) techniques for natural language processing},
  author={Su, Keh-Yih and Chiang, Tung-Hui and Chang, Jing-Shin},
  journal={Computational linguistics and Chinese language processing},
  volume={1},
  number={1},
  pages={101--157},
  year={1996}
}

@article{atefeh2015survey,
  title={A survey of techniques for event detection in twitter},
  author={Atefeh, Farzindar and Khreich, Wael},
  journal={Computational Intelligence},
  volume={31},
  number={1},
  pages={132--164},
  year={2015},
  publisher={Wiley Online Library}
}

@article{allan1998topic,
  title={Topic detection and tracking pilot study final report},
  author={Allan, James and Carbonell, Jaime G and Doddington, George and Yamron, Jonathan and Yang, Yiming},
  year={1998}
}

@inproceedings{yang1998studyofretrospective,
  title={A study of retrospective and on-line event detection},
  author={Yang, Yiming and Pierce, Tom and Carbonell, Jaime},
  booktitle={Proceedings of the 21st annual international ACM SIGIR conference on Research and development in information retrieval},
  pages={28--36},
  year={1998},
  organization={ACM}
}

@inproceedings{allan1998line,
  title={On-line new event detection and tracking},
  author={Allan, James and Papka, Ron and Lavrenko, Victor},
  booktitle={Proceedings of the 21st annual international ACM SIGIR conference on Research and development in information retrieval},
  pages={37--45},
  year={1998},
  organization={ACM}
}

@book{pelgrims2005journalistieke,
  title={Journalistieke radio-en tv-teksten schrijven},
  author={Pelgrims, Patrick},
  year={2005},
  publisher={Lannoo Uitgeverij}
}

@article{bosch2007Frog,
  title={An efficient memory-based morphosyntactic tagger and parser for Dutch},
  author={Bosch, Antal van den and Busser, Bertjan and Canisius, Sander and Daelemans, Walter},
  journal={LOT Occasional Series},
  volume={7},
  pages={191--206},
  year={2007},
  publisher={LOT, Netherlands Graduate School of Linguistics}
}

@article{daelemans2010mbt,
  title={Mbt: memory-based tagger},
  author={Daelemans, Walter and Zavrel, Jakub and Van den Bosch, Antal and Van der Sloot, Ko},
  journal={Version},
  volume={3},
  pages={10--04},
  year={2010}
}

@inproceedings{schmid2013treetagger,
  title={Probabilistic part-ofispeech tagging using decision trees},
  author={Schmid, Helmut},
  booktitle={New methods in language processing},
  pages={154},
  year={2013}
}

@inproceedings{alex2014estimating,
  title={Estimating and rating the quality of optically character recognised text},
  author={Alex, Beatrice and Burns, John},
  booktitle={Proceedings of the First International Conference on Digital Access to Textual Cultural Heritage},
  pages={97--102},
  year={2014},
  organization={ACM}
}